@article{marwick2017,
 author="Marwick, Ben",
 title="Computational Reproducibility in Archaeological Research: Basic Principles and a Case Study of Their Implementation",
 journal="Journal of Archaeological Method and Theory",
 year="2017",
 month="Jun",
 day="01",
 volume="24",
 number="2",
 pages="424--450",
 issn="1573-7764",
 doi="10.1007/s10816-015-9272-9",
 url="https://doi.org/10.1007/s10816-015-9272-9"
}

@book{astrup2018,
	title = {{Sea-level Change in Mesolithic southern Scandinavia. Long- and short-term effects on society and the environment}},
	author = {{Astrup}, {Peter Moe}},
	year = {2018},
	date = {2018},
	publisher = {Jutland Archaeological Society \& Moesgaard Museum}
}

@book{perreault2019,
	title = {{The Quality of the Archaeological Record}},
	author = {{Perreault}, {Charles}},
	year = {2019},
	date = {2019},
	publisher = {The University of Chicago Press},
	address = {Chicago \& London}
}

@book{godfrey-smith2003,
	title = {{Theory and Reality: An Introduction to the Philosophy of Science}},
	author = {{Godfrey-Smith}, {Peter}},
	year = {2003},
	date = {2003},
	publisher = {The University of Chicago Press},
	address = {Chicago \& London}
}

@article{crema2010,
	title = {A probabilistic framework for assessing spatio-temporal point patterns in the archaeological record},
	author = {{Crema}, {Enrico R.} and {Bevan}, {Andrew} and {Lake}, {Mark W.}},
	year = {2010},
	month = {05},
	date = {2010-05-01},
	journal = {Journal of Archaeological Science},
	pages = {1118--1130},
	volume = {37},
	number = {5},
	doi = {10.1016/j.jas.2009.12.012},
	url = {http://www.sciencedirect.com/science/article/pii/S0305440309004622},
	langid = {en}
}

@article{surovell2009a,
	title = {Correcting temporal frequency distributions for taphonomic bias},
	author = {{Surovell}, {Todd A.} and {Byrd Finley}, {Judson} and {Smith}, {Geoffrey M.} and {Brantingham}, {P. Jeffrey} and {Kelly}, {Robert}},
	year = {2009},
	journal = {Journal of Archaeological Science},
	pages = {1715--1724},
	volume = {36},
	number = {8},
	doi = {10.1016/j.jas.2009.03.029},
	url = {https://linkinghub.elsevier.com/retrieve/pii/S0305440309001204},
	langid = {en}
}

@article{hollender1901,
	title = {Om Sveriges nivåförändringar efter menniskans invandring},
	author = {Hollender, Artur},
	year = {1901},
	journal = {Geolgiska Föreningen i Stockholm Förhandlingar},
	pages = {1118--1130},
	volume = {23},
	number = {4},
	doi = {10.1080/00293652.1975.9965220},
	url = {https://doi.org/10.1080/00293652.1975.9965220}
}

@article{skar1987,
	title = {{Comments on the Fosna-Nøstvet Problem}},
	author = {Skar, Birgitte},
	year = {1987},
	journal = {Norwegian Archaeological Review},
	pages = {35},
	volume = {20},
	number = {1},
	doi = {10.1080/00293652.1987.9965443},
	url = {https://doi.org/10.1080/00293652.1987.9965443}
}

@article{mikkelsen1987,
	title = {{Comments on the Fosna-Nøstvet Problem}},
	author = {Mikkelsen, Egil},
	year = {1987},
	journal = {Norwegian Archaeological Review},
	pages = {33--34},
	volume = {20},
	number = {1},
	doi = {10.1080/00293652.1987.9965442},
	url = {https://doi.org/10.1080/00293652.1987.9965442}
}

@article{østmo1987,
	title = {{Comments on the Fosna-Nøstvet Problem}},
	author = {Østmo, Einar},
	year = {1987},
	journal = {Norwegian Archaeological Review},
	pages = {32--33},
	volume = {20},
	number = {1},
	doi = {10.1080/00293652.1987.9965441},
	url = {https://doi.org/10.1080/00293652.1987.9965441}
}

@article{bjerck1987,
	title = {{Reply to comments on the Fosna-Nøstvet Problem}},
	author = {Bjerck, Hein Bjartmann},
	year = {1987},
	journal = {Norwegian Archaeological Review},
	pages = {39--42},
	volume = {20},
	number = {1},
	doi = {10.1080/00293652.1987.9965441},
	url = {https://doi.org/10.1080/00293652.1987.9965441}
}

@article{bjerck1994,
	title = {{}},
	author = {Bjerck, Hein Bjartmann},
	year = {1987},
	journal = {Viking},
	pages = {25--42},
	volume = {57},
	doi = {10.1080/00293652.1987.9965441},
	url = {https://doi.org/10.1080/00293652.1987.9965441}
}

@article{mikkelsen1975,
	title = {{Mesolithic in South-Eastern Norway}},
	author = {Mikkelsen, Egil},
	year = {1975},
	journal = {Norwegian Archaeological Review},
	pages = {1118--1130},
	volume = {8},
	number = {1},
	doi = {10.1080/11035890109445866},
	url = {http://dx.doi.org/10.1080/11035890109445866}
}

@article{gross2018,
	title = {People, lakes and seashores: Studies from the Baltic Sea basin and adjacent areas in the early and Mid-Holocene},
	author = {Groß, Daniel and Annabell Zander and Adam Boethius and Stefan Dreibrodt and Ole Grøn and Anton Hansson and Catherine Jessen and Satu Koivisto and Lars Larsson and Harald Lübke and Björn Nilsson},
	year = {2018},
	journal = {Quaternary International},
	pages = {27--40},
	volume = {185},
	doi = {10.1016/j.quascirev.2018.01.021},
	url = {https://linkinghub.elsevier.com/retrieve/pii/S0277379117310284},
	langid = {en}
}



@article{tallavaara2020,
	title = {Human ecodynamics in the north-west coast of Finland 10,000–2000 years ago},
	author = {{Tallavaara}, {Miikka} and {Pesonen}, {Petro}},
	year = {2020},
	journal = {Quaternary International},
	pages = {26--35},
	volume = {549},
	doi = {10.1016/j.quaint.2018.06.032},
	url = {https://linkinghub.elsevier.com/retrieve/pii/S1040618218303793},
	langid = {en}
}

@article{jorgensen2020,
	title = {{Climatic changes cause synchronous population dynamics and adaptive strategies among coastal hunter-gatherers in Holocene northern Europe}},
	author = {{Jørgensen}, {Erlend Kirkeng} and {Pesonen}, {Petro} and {Tallavaara}, {Miikka}},
	year = {2020},
	journal = {Quaternary Research},
	pages = {1--16},
	doi = {10.1017/qua.2019.86},
	url = {https://www.cambridge.org/core/product/identifier/S0033589419000863/type/journal_article},
	langid = {en}
}

@article{bakka1971,
	title = {Early farming in Hordaland, western Norway. Problems and approaches in archaeology and pollen analysis},
	author = {{Bakka}, {Egil} and {Kaland}, {Peter Emil}},
	year = {1971},
	journal = {Norwegian Archaeological Review},
	pages = {1--17},
	volume = {4},
	issue={2},
	doi = {10.1080/00293652.1971.9965136},
	url = {https://doi.org/10.1080/00293652.1971.9965136},
	langid = {en}
}

@article{crema2012,
	title = {Modelling Temporal Uncertainty in Archaeological Analysis},
	author = {{Crema}, {Enrico R.}},
	year = {2012},
	date = {2012},
	journal = {Journal of Archaeological Method and Theory},
	pages = {440--461},
	volume = {19},
	number = {3},
	doi = {10.1007/s10816-011-9122-3},
	url = {http://link.springer.com/10.1007/s10816-011-9122-3},
	langid = {en}
}

@article{lewis2021,
	title = {Probabilistic Modelling for Incorporating Uncertainty in Least Cost Path Results: a Postdictive Roman Road Case Study},
	author = {{Lewis}, {Joseph}},
	year = {2021},
	month = {09},
	date = {2021-09-01},
	journal = {Journal of Archaeological Method and Theory},
	pages = {911--924},
	volume = {28},
	number = {3},
	doi = {10.1007/s10816-021-09522-w},
	url = {https://doi.org/10.1007/s10816-021-09522-w},
	langid = {en}
}

@incollection{shennan2015,
	title = {Handbook of sea-level research: framing research questions},
	author = {Shennan, Ian},
	editor = {Shennan, Ian and Long, Antony J and Horton, Benjamin P},
	booktitle = {{Handbook of Sea-Level Research}},
	year = {2015},
	date = {2015},
	publisher = {Wiley},
	pages = {3--25},
	address = {Chichester}
}

@article{rovere2016,
	title = {Eustatic and Relative Sea Level Changes},
	author = {Rovere, Alessio and Stocchi, Paolo and Vacchi, Matteo},
	year = {2016},
	date = {2016},
	journal = {Current Climate Change Reports},
	pages = {221--231},
	volume = {2},
	number = {4},
	doi = {10.1007/s40641-016-0045-7},
	url = {http://link.springer.com/10.1007/s40641-016-0045-7},
	langid = {en}
}

@article{hyndman1996,
	title = {Computing and Graphing Highest Density Regions},
	author = {Hyndman, Rob J},
	year = {1996},
	date = {1996},
	journal = {The American Statistician},
	pages = {120--126},
	volume = {50},
	number = {2},
	langid = {en}
}

@article{binford1964,
	title = {A Consideration of Archaeological Research Design},
	author = {{Binford}, {Lewis R.}},
	year = {1964},
	date = {1964},
	journal = {American Antiquity},
	pages = {425--441},
	volume = {29},
	number = {4},
	doi={10.2307/277978},
	url={https://doi.org/10.2307/277978},
	langid = {en}
}

@incollection{milne2015,
	title = {Glacial isostatic adjustment},
	author = {Milne, Glenn A},
	editor = {Shennan, Ian and Long, Antony J and Horton, Benjamin P},
	booktitle = {Handbook of Sea-Level Research},
	year = {2015},
	date = {2015},
	publisher = {Wiley},
	pages = {421--437},
	address = {Chichester}
}

@phdthesis{solheim2012,
	title = {{Lokal praksis og fremmed opphav. Arbeidsdeling, sosiale relasjoner og differensiering i østnorsk tidligneolitikum}},
	author = {{Solheim}, {Steinar}},
	year = {2012},
	date = {2012},
	university = {Museum of Cultural History, University of Oslo},
	address = {Oslo}
}

@phdthesis{nyland2016,
	title = {{Humans in Motion and Places of Essence -- Variations in rock procurement practices in the Stone, Bronze and Early Iron Ages, in southern Norway}},
	author = {{Nyland}, {Astrid J.}},
	year = {2016},
	date = {2016},
	university = {University of Oslo},
	address = {Oslo}
}

@report{eskeland2017,
	title = {{Rapport, arkeologisk registrering. E18 Langangen Rugtvedt, 16/06999, Porsgrunn og Bamble kommune}},
	author = {{Eskeland}, {Knut Fossdal}},
	year = {2017},
	date = {2017},
	university={Telemark County Municipality},
	address = {Skien}
}

@book{degeer1896,
	title = {{Om Skandinaviens geografiska utveckling efter Istiden}},
	author = {{De Geer}, {Gerard}},
	year = {1896},
	date = {1896},
	publisher = {P. A. Norstedt & Söner},
	address = {Stockholm}
}

@book{glorstad2010,
	title = {{The Structure and History of the Late Mesolithic Societies in the Oslo Fjord Area 6300-3800 BC}},
	author = {{Glørstad}, {Håkon}},
	year = {2010},
	date = {2010},
	publisher = {Bricoleur Press},
	address = {Lindome}
}

@incollection{glorstad2020,
	title = {{Submerged Stone Age from a Norwegian Perspective}},
	author = {Glørstad, Håkon and Gundersen, Jostein and {Kvalø}, Frode and Nymoen, Pål and Simpson, David and Skar, Birgitte},
	editor = {Bailey, Geoff and Galanidou, Nena and Peeters, Hans and Jöns, Hauke and Mennenga, Moritz},
	booktitle = {{The Archaeology of Europe’s Drowned Landscapes}},
	year = {2020},
	date = {2020},
	publisher = {Springer},
	pages = {125–-140},
	address = {Cham}
}

@incollection{glorstad2017,
	title = {{The Northern Coasts of Doggerland and the Colonisation of Norway at the End of the Ice Age}},
	author = {Glørstad, Håkon and Gundersen, Jostein and Kvalø, Frode},
	editor = {Bailey, Geoffrey N. Bailey and Harff, Jan and Sakellariou, Dimitris},
	booktitle = {{Under the Sea: Archaeology and Palaeolandscapes of the Continental Shelf}},
	year = {2017},
	date = {2017},
	publisher = {Springer},
	pages = {285–-303},
	address = {Cham}
}

@incollection{glorstad2012,
	title = {{Historical ideal types and the transition to the Late Neolithic in South Norway}},
	author = {Glørstad, Håkon},
	editor = {Prescott, Christopher and Glørstad, Håkon},
	booktitle = {{Becoming European. The transformation of third millenium Northern and Western Europe}},
	year = {2012},
	date = {2012},
	publisher = {Oxbow Books},
	pages = {82--99},
	address = {Oxford & Oakville}
}

@incollection{box1979,
	title = {{Robustness in the Strategy of Scientific Model Building}},
	author = {Box, George E.P.},
	editor = {Launer, Robert L. and Wilkinson, Graham N.},
	booktitle = {{Robustness in Statistics}},
	year = {1979},
	date = {1979},
	publisher = {Academic Press},
	pages = {201--236},
	address = {London \& New York}
}

@article{clark2017,
	title = {Lithics, landscapes & la Longue-durée -- Curation & expediency as expressions of forager mobility},
	author = {{Clark}, {Geoffrey A.} and {Barton}, {C. Michael}},
	year = {2017},
	month = {09},
	date = {2017-09-02},
	journal = {Quaternary International},
	pages = {137--149},
	volume = {450},
	doi = {10.1016/j.quaint.2016.08.002},
	url = {https://www.sciencedirect.com/science/article/pii/S104061821630369X},
	langid = {en}
}

@inbook{clark2009,
	title = {Accidents of History: Conceptual Frameworks in Paleoarchaeology},
	author = {{Clark}, {Geoffrey A.}},
	editor = {{Camps}, {Marta} and {Chauhan}, {Parth}},
	booktitle = {{Sourcebook of Paleolithic Transitions}},
	year = {2009},
	date = {2009},
	publisher = {Springer},
	pages = {19--41},
	address = {New York}
}

@incollection{barton2013,
	title = {{Stories of the Past or Science of the Future? Archaeology and Computational Social Science}},
	author = {Barton, C. Michael},
	editor = {Clarke, David L.},
	booktitle = {{Models in Archaeology}},
	year = {1972},
	date = {1972},
	series = {{Routledge Library Editions: Archaeology}},
	publisher = {Routledge},
	pages = {1--60},
	address = {London \& New York}
}

@incollection{clarke1972,
	title = {{[2015] Models and paradigms in contemporary archaeology}},
	author = {Clarke, David L.},
	editor = {Clarke, David L.},
	booktitle = {{Models in Archaeology}},
	year = {1972},
	date = {1972},
	series = {{Routledge Library Editions: Archaeology}},
	publisher = {Routledge},
	pages = {1--60},
	address = {London \& New York}
}

@article{clarke2007,
	title = {{Modernizing Political Science: A Model-Based Approach}},
	author = {Clarke, Kevin A. & Primo, David M.},
	title = {{Models in Archaeology}},
	year = {2007},
	volume = {5},
	issue = {4},
	journal = {Perspectives on Politics},
	pages = {741--753},
	url = {https://www.cambridge.org/core/journals/perspectives-on-politics/article/modernizing-political-science-a-modelbased-approach/403CC6A0E42C2DD9DCD6FEEEAAAD1413},
	doi = {10.1017/S1537592707072192},
	langid = {en}
}

@incollection{kohler2007,
	title = {{Introduction: Historical Socionatural Systems and Models}},
	author = {Kohler, Timothy A. and van der Leeuw, Sander E.},
	editor = {Kohler, Timothy A. and van der Leeuw, Sander E.},
	booktitle = {{The Model-Based Archaeology of Socionatural Systems}},
	year = {2007},
	date = {2007},
	publisher = {School for Advanced Research Press},
	pages = {1--12},
	address = {Santa Fe}
}

@incollection{lake2015,
	title = {{Explaining the past with ABM: On Modeling Philosophy}},
	author = {Lake, Mark W.},
	editor = {Wurzer, Gabriel and Kowarik, Kerstin and Reschreiter, Hans},
	booktitle = {{Agent-based Modeling and Simulation in Archaeology}},
	year = {2015},
	date = {2015},
	publisher = {Springer},
	pages = {3--35},
	address = {Cham}
}

@article{romundset2015,
	title = {A Holocene sea{-}level curve and revised isobase map based on isolation basins from near the southern tip of Norway},
	author = {Romundset, Anders and Fredin, Ola and {Høgaas}, Fredrik},
	year = {2015},
	date = {2015},
	volume = {44},
	journal = {Boreas},
	pages = {383--400},
	url = {https://doi.org/10.1111/bor.12105},
	doi = {10.1111/bor.12105},
	langid = {en}
}

@article{mörner1976,
	title = {{Eustasy and Geoid Changes}},
	author = {{Mörner}, Nils-Axel},
	year = {1976},
	month = {03},
	date = {1976-03-01},
	journal = {The Journal of Geology},
	pages = {123--151},
	volume = {84},
	number = {2},
	doi = {10.1086/628184},
	url = {http://www.journals.uchicago.edu/doi/abs/10.1086/628184},
	note = {Publisher: The University of Chicago Press}
}

@article{mörner1979,
	title = {{The Fennoscandian Uplift and Late Cenozoic Geodynamics: Geological Evidence}},
	author = {{Mörner}, Nils-Axel},
	year = {1979},
	date = {1979},
	journal = {GeoJournal},
	pages = {287--318},
	volume = {3},
	number = {3},
	doi = {10.1007/BF00177634},
	url = {https://doi.org/10.1007/BF00177634}
}

@article{svendsen1987,
	title = {Late Weichselian and Holocene sea-level history for a cross-section of western Norway},
	author = {Svendsen, John Inge and Mangerud, Jan},
	year = {1987},
	date = {1987},
	journal = {Journal of Quaternary Science},
	pages = {113--132},
	volume = {2},
	number = {2},
	doi = {10.1002/jqs.3390020205},
	url = {http://onlinelibrary.wiley.com/doi/abs/10.1002/jqs.3390020205},
	note = {{\_}eprint: https://onlinelibrary.wiley.com/doi/pdf/10.1002/jqs.3390020205},
	langid = {en}
}

@incollection{bjerck2008,
	title = {{Norwegian Mesolithic Trends: A Review}},
	booktitle = {{Mesolithic Europe}},
	author = {Bjerck, Hein Bjartmann},
	editor = {Bailey, Geoff and Spikins, Penny},
	year = {2008},
	date = {2008},
	publisher = {Cambridge University Press},
	pages = {60--106},
	address = {Cambridge}
}

@incollection{bjerck2008a,
	title = {Innledende betraktninger},
	author = {Bjerck, Hein Bjartmann},
	booktitle = {{NTNU Vitenskapsmuseets arkeologiske undersøkelser Ormen Lange Nyhamna}},
	editor = {Bjerck, Hein Bjartmann and Åstveit, Leif Inge and Meling, Trond and Gundersen, Jostein and Jørgensen, Guro and Normann, Staale},
	year = {2008},
	date = {2008},
	publisher = {Tapir Akademisk Forlag},
	pages = {548--551},
	address = {Trondheim}
}

@article{bjerck2009,
	title = {{Colonizing seascapes: Comparative perspectives on the development of maritime relations in Scandinavia and Patagonia}},
	author = {{Bjerck}, {Hein Bjartmann}},
	year = {2009},
	journal = {Arctic Anthropology},
	pages = {118--132},
	volume = {46},
	number = {1--2},
	langid = {en},
	url = {https://doi.org/10.1353/arc.0.0019},
	doi = {10.1353/arc.0.0019}
}

@article{bjerck2017,
	title = {{Settlements and seafaring: Reflections on the integration of boats and settlements among marine foragers in Early Mesolithic Norway and Yámana of Tierra del Fuego}},
	author = {{Bjerck}, {Hein Bjartmann}},
	year = {2017},
	journal = {The Journal of Island and Costal Archaeology},
	pages = {276--299},
	volume = {12},
	number = {2},
	langid = {en},
	url = {https://doi.org/10.1080/15564894.2016.1190425},
	doi = {10.1080/15564894.2016.1190425}
}

@article{bailey2004,
	title = {World prehistory from the margins: the role of coastlines in human evolution},
	author = {{Bailey}, {Geoff}},
	year = {2004},
	journal = {Journal of Interdisciplinary Studies in History and Archaeology},
	pages = {39--50},
	volume = {1},
	number = {1},
	langid = {en}
}

@article{bailey2007,
	title = {Time perspectives, palimpsests and the archaeology of time},
	author = {{Bailey}, {Geoff}},
	year = {2007},
	month = {06},
	date = {2007-06-01},
	journal = {Journal of Anthropological Archaeology},
	pages = {198--223},
	volume = {26},
	number = {2},
	doi = {10.1016/j.jaa.2006.08.002},
	url = {http://www.sciencedirect.com/science/article/pii/S0278416506000481},
	langid = {en}
}

@article{milne2009,
	title = {Identifying the causes of sea-level change},
	author = {Milne, Glenn A. and Gehrels, W. Roland and Hughes, Chris W. and Tamisiea, Mark E.},
	year = {2009},
	date = {2009},
	journal = {Nature Geoscience},
	pages = {471--478},
	volume = {2},
	number = {7},
	doi = {10.1038/ngeo544},
	url = {http://www.nature.com/articles/ngeo544},
	langid = {en}
}

@article{parnell2008,
	title = {A flexible approach to assessing synchroneity of past events using Bayesian reconstructions of sedimentation history},
	author = {Parnell, A.C. and Haslett, J. and Allen, J.R.M. and Buck, C.E. and Huntley, B.},
	year = {2008},
	date = {2008},
	journal = {Quaternary Science Reviews},
	pages = {1872--1885},
	volume = {27},
	number = {19-20},
	doi = {10.1016/j.quascirev.2008.07.009},
	url = {https://linkinghub.elsevier.com/retrieve/pii/S0277379108001649},
	langid = {en}
}

@article{breivik2018,
	title = {Exploring human responses to climatic fluctuations and environmental diversity: Two stories from Mesolithic Norway},
	author = {Breivik, Heidi Mjelva and Fossum, Guro and Solheim, Steinar},
	year = {2018},
	month = {01},
	date = {2018-01-26},
	journal = {Quaternary International},
	pages = {258--275},
	series = {Impacts of gradual and abrupt environmental changes on Late glacial to Middle Holocene cultural changes in Europe},
	volume = {465},
	doi = {10.1016/j.quaint.2016.12.019},
	url = {https://www.sciencedirect.com/science/article/pii/S1040618216308163},
	langid = {en}
}

@article{breivik2016,
	title = {{Hunting High and Low: Postglacial Colonization Strategies in Central Norway between 9500 and 8000 cal BC}},
	author = {{Breivik}, {Heidi Mjelva} and {Callanan}, {Martin}},
	year = {2016},
	month = {10},
	date = {2016-10-01},
	journal = {European Journal of Archaeology},
	pages = {571--595},
	volume = {19},
	number = {4},
	doi = {10.1080/14619571.2016.1147315},
	url = {https://doi.org/10.1080/14619571.2016.1147315}
}

@article{breivik2014,
	title = {Palaeo-oceanographic development and human adaptive strategies in the Pleistocene–Holocene transition: A study from the Norwegian coast},
	author = {Breivik, Heidi Mjelva},
	year = {2014},
	journal = {The Holocene},
	pages = {1478--1490},
	volume = {24},
	issue={11},
	doi = {10.1177/0959683614544061},
	url = {http://journals.sagepub.com/doi/10.1177/0959683614544061},
	langid = {en}
}

@article{ilves2011,
	title = {Some Critical and Methodological Aspects of Shoreline Determination: Examples from the Baltic Sea Region},
	author = {Ilves, Kristin and Darmark, Kim},
	year = {2011},
	journal = {Journal of Archaeological Method and Theory},
	pages = {147--165},
	volume = {18},
	issue={2},
	doi = {10.1007/s10816-010-9084-x},
	url = {http://link.springer.com/10.1007/s10816-010-9084-x},
	langid = {en}
}

@incollection{indrelid1978,
	title = {{Mesolithic economy and settlement patterns in Norway}},
	author = {Indrelid, Svein},
	editor = {Mellars, Paul},
	booktitle = {{The Early Postglacial Settlement of Northern Europe: An Ecological Perspective}},
	year = {1978},
	date = {1978},
	publisher = {University of Pittsburgh Press},
	pages = {147–-176},
	address = {Pittsburgh}
}

@article{faulkner2021,
	title = {67,000 years of coastal engagement at Panga ya Saidi, eastern Africa},
	author = {Faulkner, Patrick and Miller, Jennifer M. and Morales, Eréndira M. Quintana and Crowther, Alison and Shipton, Ceri and Ndiema, Emmanuel and Boivin, Nicole and Petraglia, Michael D.},
	year = {2021},
	journal = {PLOS ONE},
	pages = {150--199},
	volume = {16},
	issue={8},
	doi = {10.1371/journal.pone.0256761},
	url = {https://journals.plos.org/plosone/article?id=10.1371/journal.pone.0256761},
	langid = {en}
}

@article{french2016,
	title = {Demography and the Palaeolithic Archaeological Record},
	author = {French, Jennifer C},
	year = {2016},
	journal = {Journal of Archaeological Method and Theory},
	pages = {150--199},
	volume = {23},
	issue={1},
	doi = {10.1007/s10816-014-9237-4},
	url = {https://doi.org/10.1007/s10816-014-9237-4},
	langid = {en}
}

@article{french2021,
	title = {A manifesto for palaeodemography in the twenty-first century},
	author = {French, Jennifer C and Riris, Philip and Fernandéz-López de Pablo, Javier and Lozano, Stergi and Silva, Fabio},
	year = {2021},
	journal = {Philosophical Transactions of the Royal Society B: Biological Sciences},
	pages = {20190707},
	volume = {376},
	issue={1816},
	doi = {10.1098/rstb.2019.0707},
	url = {https://royalsocietypublishing.org/doi/full/10.1098/rstb.2019.0707},
	langid = {en}
}

@article{bang-andersen2012,
	title = {Colonizing Contrasting Landscapes. The Pioneer Coast Settlement and Inland Utilization in Southern Norway 10,000-9500 Years Before Present},
	author = {Bang-Andersen, Sveinung},
	year = {2012},
	journal = {Oxford Journal of Archaeology},
	pages = {103--120},
	volume = {31},
	issue={2},
	doi = {10.1111/j.1468-0092.2012.00381.x},
	url = {http://doi.wiley.com/10.1111/j.1468-0092.2012.00381.x},
	langid = {en}
}

@article{schmitt2009,
	title = {Chronological Insights, Cultural Change, and Resource Exploitation on the West Coast of Sweden During the Late Palaeolithic/Early Mesolithic Transition},
	author = {Schmitt, Lou and Larsson, Stephan and Burdukiewicz, Jan and Ziker, John and Svedhage, Krister and Zamon, Jeanette and Holger, Steffen},
	year = {2009},
	journal = {Oxford Journal of Archaeology},
	pages = {1--27},
	volume = {28},
	issue={1},
	doi = {10.1111/j.1468-0092.2008.00317.x},
	url = {http://onlinelibrary.wiley.com/doi/abs/10.1111/j.1468-0092.2008.00317.x},
	langid = {en}
}

@article{glorstad2016,
	title = {Deglaciation, sea-level change and the Holocene colonization of Norway},
	author = {Glørstad, Håkon},
	year = {2016},
	journal = {Geological Society, London, Special Publications},
	pages = {9--25},
	volume = {411},
	issue={1},
	doi = {10.1144/SP411.7},
	url = {http://sp.lyellcollection.org/lookup/doi/10.1144/SP411.7},
	langid = {en}
}

@article{shennan2000,
	title = {Population, Culture History, and the Dynamics of Culture Change},
	author = {Shennan, Stephen},
	year = {2000},
	journal = {Current Anthropology},
	pages = {811--835},
	volume = {41},
	issue={5},
	doi = {10.1086/317403},
	url = {https://www.journals.uchicago.edu/doi/10.1086/317403},
	langid = {en}
}

@article{shennan2015,
	title = {{Isolation-by-distance, homophily, and “core” vs. “package” cultural evolution models in Neolithic Europe}},
	author = {Shennan, Stephen, Crema, Enrico R. and Kerig, Tim},
	year = {2015},
	journal = {Evolution and Human Behavior},
	pages = {103--109},
	volume = {36},
	issue={2},
	doi = {10.1016/j.evolhumbehav.2014.09.006},
	url = {https://www.sciencedirect.com/science/article/pii/S1090513814001251},
	langid = {en}
}

@article{nielsen2019,
	title = {De-Neolithisation in southern Norway inferred from statistical modelling of radiocarbon dates},
	author = {Nielsen, Svein Vatsvåg and Persson, Per and Solheim, Steinar},
	year = {2019},
	journal = {Journal of Anthropological Archaeology},
	pages = {82--91},
	volume = {53},
	doi = {10.1016/j.jaa.2018.11.004},
	url = {http://www.sciencedirect.com/science/article/pii/S0278416518300825},
	langid = {en}
}

@article{nielsen2021b,
	title = {Early farming in Southeastern Norway: New evidence and interpretations},
	author = {Nielsen, Svein Vatsvåg},
	year = {2021},
	journal = {Journal of Neolithic Archaeology},
	pages = {83--113},
	volume = {23},
	doi = {10.12766/jna.2021.4},
	url = {https://www.jna.uni-kiel.de/index.php/jna/article/view/257},
	langid = {en}
}

@article{helskog1978,
	title = {Late Holocene sea-level changes seen from prehistoric settlements},
	author = {Helskog, Knut},
	year = {1978},
	journal = {Norwegian Journal of Geography},
	pages = {111--119},
	volume = {32},
	issue={3},
	doi = {10.1080/00291957808552032},
	url = {http://dx.doi.org/10.1080/00291957808552032},
	langid = {en}
}

@incollection{solheim2020,
	title = {{Mesolithic coastal landscapes. Demography, settlement patterns and subsistence economy in southeastern Norway}},
	author = {Solheim, Steinar},
	booktitle = {{Coastal Landscapes of the Mesolithic: Human Engagement with the Coast from the Atlantic to the Baltic Sea}},
	editor = {{Schülke}, Almut},
	year = {2020},
	date = {2020},
	publisher = {Routledge},
	address = {London & New York}
}

@article{åstveit2014,
	title = {Noen synspunkt på den tidligmesolittiske bosetningen i Sør-Norge},
	author = {Åstveit, Leif Inge},
	year = {2014},
	journal = {Primtive tider},
	pages = {87--104},
	volume = {16},
	doi = {10.5617/pt.7233},
	url = {https://doi.org/10.5617/pt.7233}
}

@incollection{åstveit2018,
	title = {{The Early Mesolithic of Western Norway}},
	author = {{Åstveit}, Leif Inge},
	editor = {Blankholm, Hans Peter},
	booktitle = {{Early Economy and Settlement in Northern Europe. Pioneering, Resource Use, Coping with Change}},
	year = {2018},
	date = {2018},
	publisher = {Equinox},
	pages = {231--274},
	address = {Sheffield}
}

@incollection{kleppe2018,
	title = {{The Pioneer Colonization of Northern Norway}},
	author = {{Kleppe}, Jan Ingolf},
	editor = {Blankholm, Hans Peter},
	booktitle = {{Early Economy and Settlement in Northern Europe. Pioneering, Resource Use, Coping with Change}},
	year = {2018},
	date = {2018},
	publisher = {Equinox},
	pages = {13--57},
	address = {Sheffield}
}

@incollection{breivik2018a,
	title = {{Early Mesolithic Central Norway: A Review of Research History, Settlements, and Tool Tradition}},
	author = {{Breivik}, Heidi and Bjerck, Hein Bjartmann},
	editor = {Blankholm, Hans Peter},
	booktitle = {{Early Economy and Settlement in Northern Europe. Pioneering, Resource Use, Coping with Change}},
	year = {2018},
	date = {2018},
	publisher = {Equinox},
	pages = {169--206},
	address = {Sheffield}
}

@incollection{fossum2020,
	title = {{Specialists facing climate change. The 8200 cal BP event and its impact on the coastal settlement in the inner Oslo fjord, southeast Norway}},
	author = {Fossum, Guro},
	booktitle = {{Coastal Landscapes of the Mesolithic: Human Engagement with the Coast from the Atlantic to the Baltic Sea}},
	editor = {{Schülke}, Almut},
	year = {2020},
	date = {2020},
	publisher = {Routledge},
	pages = {179--201},
	address = {London & New York}
}

@incollection{schulke2020,
	title = {{First visit or revisit? Motivations of mobility and the use and reuse of sites in the changing coastal areas of Mesolithic southeastern Norway}},
	author = {Schülke, Almut},
	booktitle = {{Coastal Landscapes of the Mesolithic: Human Engagement with the Coast from the Atlantic to the Baltic Sea}},
	editor = {{Schülke}, Almut},
	year = {2020},
	date = {2020},
	publisher = {Routledge},
	pages = {359--393},
	address = {London & New York}
}

@incollection{nordqvist1995,
	title = {{The Mesolithic settlement of the west coast of Sweden - with special emphasis on chronology and topography of coastal settlements}},
	author = {Nordqvist, Bengt},
	booktitle = {{Man and Sea in the Mesolithic. Coastal settlement above and below present sea level}},
	editor = {Fischer, Anders},
	year = {1995},
	date = {1995},
	publisher = {Oxbow Books},
	pages = {185--196},
	address = {Oxford}
}

@incollection{nordqvist1999,
	title = {{The Chronology of the Western Swedish Mesolithic and Late Paleolithic: Old Answers in Spite of New Methods}},
	author = {{Nordqvist}, {Bengt}},
  booktitle = {{The Mesolithic of Central Scandinavia}},
	editor = {{Boaz}, {Joel}},
	year = {1999},
	date = {1999},
	publisher = {University of Oslo},
	pages = {235--253},
	address = {Oslo}
}

@incollection{johansen1963,
	title = {{Kyst(fangst)boplassenes strandbundenhet og strandlinjekronologien}},
	author = {{Johansen}, {Erling}},
  booktitle = {{Boplatsproblem vid Kattegat och Skagerack}},
	year = {1963},
	date = {1963},
	publisher = {Göteborg och Bohusläns fornminnesförening & Institutionen för nordisk fornkunskap, Gothenburg University},
	pages = {90--92},
	address = {Gothenburg}
}

@incollection{hagen1963,
	title = {{Problemkompleks Fosna. Opphav -- kontakt med kontinentale grupper -- forholdet til Komsa}},
	author = {{Hagen}, {Anders}},
  booktitle = {{Boplatsproblem vid Kattegat och Skagerack}},
	year = {1963},
	date = {1963},
	publisher = {Göteborg och Bohusläns fornminnesförening & Institutionen för nordisk fornkunskap, Gothenburg University},
	pages = {53--59},
	address = {Gothenburg}
}

@incollection{wikell2009,
	title = {{The Archipelago of Eastern Middle Sweden - Mesolithic Settlement in Comparison with $^{14}$C and Shoreline Dating}},
	author = {Wikell, Roger and Molin, Fredrik and Pettersson, Mattias},
	booktitle={{Chronology and Evolution within the Mesolithic of North-West Europe}},
	editor = {Crombé, Philippe and van Strydonck, Mark and Sergant, Joris and Boudin, Mathieu and Bats, Machteld},
	year = {2009},
	date = {2009},
	publisher = {Cambridge Scholar Publishing},
	pages = {417--434},
	address = {Brussels}
}

@article{will2019,
	title = {Midden or Molehill: The Role of Coastal Adaptations in Human Evolution and Dispersal},
	author = {Will, Manuel and Kandel, Andrew W. and Conard, Nicholas J.},
	year = {2019},
	journal = {Journal of World Prehistory},
	pages = {33--72},
	volume = {32},
	issue = {1},
	doi = {10.1007/s10963-018-09127-4},
	url = {https://doi.org/10.1007/s10963-018-09127-4},
	langid = {en}
}

@incollection{riede2009a,
	title = {{Tracking Mesolithic Demography in Time and Space and its Implications for Explanations of Cultural Change}},
	author = {Riede, Felix and Edinborough, Kevan and Thomas, Mark},
	booktitle={{Chronology and Evolution within the Mesolithic of North-West Europe}},
	editor = {Crombé, Philippe and van Strydonck, Mark and Sergant, Joris and Boudin, Mathieu and Bats, Machteld},
	year = {2009},
	date = {2009},
	publisher = {Cambridge Scholar Publishing},
	pages = {177--194},
	address = {Brussels}
}

@article{reimer2020,
	title = {The IntCal20 Northern Hemisphere Radiocarbon Age Calibration Curve (0{\textendash}55 cal kBP)},
	author = {Reimer, Paula J. and Austin, William E. N. and Bard, Edouard and Bayliss, Alex and Blackwell, Paul G. and Ramsey, Christopher Bronk and Butzin, Martin and Cheng, Hai and Edwards, R. Lawrence and Friedrich, Michael and Grootes, Pieter M. and Guilderson, Thomas P. and Hajdas, Irka and Heaton, Timothy J. and Hogg, Alan G. and Hughen, Konrad A. and Kromer, Bernd and Manning, Sturt W. and Muscheler, Raimund and Palmer, Jonathan G. and Pearson, Charlotte and Plicht, Johannes van der and Reimer, Ron W. and Richards, David A. and Scott, E. Marian and Southon, John R. and Turney, Christian S. M. and Wacker, Lukas and Adolphi, Florian and {Büntgen}, Ulf and Capano, Manuela and Fahrni, Simon M. and Fogtmann-Schulz, Alexandra and Friedrich, Ronny and {Köhler}, Peter and Kudsk, Sabrina and Miyake, Fusa and Olsen, Jesper and Reinig, Frederick and Sakamoto, Minoru and Sookdeo, Adam and Talamo, Sahra},
	year = {2020},
	month = {08},
	date = {2020-08},
	journal = {Radiocarbon},
	pages = {725--757},
	volume = {62},
	number = {4},
	doi = {10.1017/RDC.2020.41},
	url = {http://www.cambridge.org/core/journals/radiocarbon/article/intcal20-northern-hemisphere-radiocarbon-age-calibration-curve-055-cal-kbp/83257B63DC3AF9CFA6243F59D7503EFF},
	note = {Publisher: Cambridge University Press},
	langid = {en}
}

@article{bronkramsey2009,
	title = {Bayesian Analysis of Radiocarbon Dates},
	author = {Bronk Ramsey, Christopher},
	year = {2009},
	date = {2009},
	journal = {Radiocarbon},
	pages = {337--360},
	volume = {51},
	number = {1},
	doi = {10.1017/S0033822200033865},
	url = {https://www.cambridge.org/core/journals/radiocarbon/article/bayesian-analysis-of-radiocarbon-dates/F622173B70F9C1597F2738DEFC597114},
	note = {Publisher: Cambridge University Press},
	langid = {en}
}

@book{bivand2021,
	title = {{rgrass7: Interface Between GRASS 7 Geographical Information System and R. R package version 0.2-6.}},
	author = {Bivand, Roger},
	year = {2021},
	date = {2021},
	url = {https://CRAN.R-project.org/package=rgrass7}
}

@book{mapping2018,
	title = {Produktspesifikasjon. Nasjonal modell for høydedata fra laserskanning (FKB-Laser). FKB-Laser_v30},
	author = {Norwegian Mapping Authority,},
	year = {2018},
	date = {2018},
	url = {https://hoydedata.no}
}

@techreport{mapping2021,
	title = {{Tidevannstabeller for den norske kyst med Svalbard samt Dover, England}},
	author = {Norwegian Mapping Authority,},
	year = {2021},
	date = {2021},
	url = {https://www.kartverket.no/globalassets/til-sjos/nautiske-publikasjoner/tidevannstabeller-norske-kyst-svalbard.pdf and https://kartverket.no/en/at-sea/se-havniva}
}


@article{sognnes2003,
	title = {On shoreline dating of rock art},
	author = {Sognnes, Kalle},
	year = {2003},
	date = {2003},
	journal = {Acta Archaeologica},
	pages = {189--209},
	volume = {74}
}

@book{berg-hansen2009,
	title = {{Steinalderregistrering. Metodologi og forskningshistorie i Norge 1900-2000 med en feltstudie fra Lista i Vest-Agder}},
	author = {Berg-Hansen, Inger Marie},
	year = {2009},
	date = {2009},
	address = {Oslo},
	publisher = {Museum of Cultural History, University of Oslo}
}

@thesis{berg-hansen2017,
	title = {{Den sosiale teknologien. Teknologi of tradisjon i Nord-Europa ved slutten av istida, 10900--8500 f.Kr}},
	author = {Berg-Hansen, Inger Marie},
	year = {2017},
	date = {2017},
	address = {Oslo},
	publisher = {University of Oslo}
}

@book{warren2022,
	title = {{Hunter-Gatherer Ireland. Making Connections in an Island World}},
	author = {Warren, Graeme},
	year = {2022},
	date = {2022},
	address = {Oxford},
	publisher = {Oxbow Books}
}

@book{kelly2013,
	title = {{The Lifeways of Hunter-Gatherers: The Foraging Spectrum}},
	author = {Kelly, Robert L.},
	year = {2013},
	date = {2013},
	edition = {2},
	address = {Cambridge University Press},
	publisher = {Cambridge}
}

@incollection{berg-hansen2018,
	title = {{Continuity and Change in Late- and Post-glacial Social Networks: Knowledge Transmission and Blade Production Methods in Ahrensburgian and Early Mesolithic North West Europe}},
	author = {{Berg-Hansen}, {Inger Marie}},
	booktitle = {{The Early Settlement of Northern Europe. Transmission of Knowledge and Culture}},
	editor = {{Knutsson}, {Kjel} and {Knutsson}, {Helena} and {Apel}, {Jan} and {Glørstad}, {Håkon}},
	year = {2018},
	date = {2018},
	publisher = {Equinox},
	pages = {63--98},
	address = {Sheffield}
}

@book{kleppe1985,
	title = {{Archaeological Data on Shore Displacements in Norway}},
	author = {Kleppe, Else Johansen},
	year = {1985},
	date = {1985},
	address = {Hønefoss},
	publisher = {Norges geografiske oppmåling}
}

@book{akerlund1996,
	title = {{Human responses to shore displacement: Living by the sea in Eastern Middle Sweden during the Stone Age}},
	author = {Åkerlund, Agneta},
	year = {1996},
	date = {1996},
	address = {Stockholm},
	publisher = {Riksantikvarieämbetet}
}

@article{akerlund1995,
	title = {{On the applicability of the $^{14}$C method to interdisciplinary studies on shore displacement and settlement location}},
	author = {Åkerlund, Agneta and Risberg, Jan and Miller, Urve and Gustafsson, Per},
	year = {1995},
	date = {1995},
	journal = {PACT},
	pages = {53--84},
	volume = {49}
}

@book{ostmo1988,
	title = {{Etableringen av jordbrukskultur i Østfold i steinalderen}},
	author = {Østmo, Einar},
	year = {1988},
	publisher = {The University Collection of National Antiquities, University of Oslo},
	address = {Oslo}
}

@book{ostmo2008,
	title = {{Auve. En fangstboplass fra yngre steinalder på Vesterøya i Sandefjord. I. Den arkeologiske del}},
	author = {Østmo, Einar},
	year = {2008},
	publisher = {Museum of Cultural History, University of Oslo},
	address = {Oslo}
}

@incollection{bjerck2005,
	title = {Strandlinjedatering},
	author = {Bjerck, Hein Bjartmann},
	editor={Østmo, Einar and Hedeager, Lotte},
	booktitle={Norsk arkeologisk leksikon},
	year = {2005},
	date = {2005},
	publisher = {Pax},
	pages = {363--364},
	address = {Oslo}
}

@article{nummedal1923,
	title = {Om flintpladsene},
	author = {Nummedal, Anders},
	year = {1923},
	date = {1923},
	journal = {Norwegian Journal of Geography},
	pages = {89--141},
	volume = {7},
	number = {2}
}

@article{lakens2018,
	title = {Equivalence Testing for Psychological Research: A Tutorial},
	author = {Lakens, {Daniël} and Scheel, Anne M. and Isager, Peder M.},
	year = {2018},
	month = {06},
	date = {2018-06-01},
	journal = {Advances in Methods and Practices in Psychological Science},
	pages = {259--269},
	volume = {1},
	number = {2},
	doi = {10.1177/2515245918770963},
	url = {https://doi.org/10.1177/2515245918770963},
	note = {Publisher: SAGE Publications Inc},
	langid = {en}
}

@article{møller1987,
	title = {Shoreline relation and prehistoric settlement in northern Norway},
	author = {{Møller}, Jakob J},
	year = {1987},
	date = {1987},
	journal = {Norwegian Journal of Geography},
	pages = {45--60},
	volume = {41},
	doi = {http://dx.doi.org/10.1080/00291958708552171}
}

@article{bjerck1990,
	title = {{Mesolithic site types and settlement patterns at Vega, Northern Norway}},
	author = {Bjerck, Hein Bjartmann},
	year = {1990},
	date = {1990},
	journal = {Acta Archaeologica},
	pages = {1--32},
	volume = {60}
}

@article{marean2014,
	title = {The origins and significance of coastal resource use in Africa and Western Eurasia},
	author = {Marean, Curtis W.},
	year = {2014},
	journal = {Journal of Human Evolution},
	pages = {17--40},
	volume = {77},
	doi = {10.1016/j.jhevol.2014.02.025},
	url = {https://www.sciencedirect.com/science/article/pii/S0047248414002292},
	langid = {en}
}

@article{marwick2018,
	title = {{Packaging Data Analytical Work Reproducibly Using R (and Friends)}},
	author = {Marwick, Ben and Boettiger, Carl and Mullen, Lincoln},
	year = {2018},
	month = {01},
	date = {2018-01-02},
	journal = {The American Statistician},
	pages = {80--88},
	volume = {72},
	number = {1},
	doi = {10.1080/00031305.2017.1375986},
	url = {https://doi.org/10.1080/00031305.2017.1375986},
	note = {Publisher: Taylor & Francis
{\_}eprint: https://doi.org/10.1080/00031305.2017.1375986}
}

@book{rcoreteam2021,
	title = {R: A Language and Environment for Statistical Computing},
	author = {R Core Team, },
	year = {2021},
	date = {2021},
	publisher = {R Foundation for Statistical Computing},
	url = {https://www.R-project.org/},
	address = {Vienna}
}

@book{grass2017,
	title = {{Geographic Resources Analysis Support System (GRASS) Software, Version 7.2}},
	author = {GRASS Development Team,},
	year = {2017},
	date = {2017},
	publisher = {Open Source Geospatial Foundation},
	url = {http://grass.osgeo.org}
}

@article{stroeven2016,
	title = {Deglaciation of Fennoscandia},
	author = {Stroeven, Arjen P. and {Hättestrand}, Clas and Kleman, Johan and Heyman, Jakob and Fabel, Derek and Fredin, Ola and Goodfellow, Bradley W. and Harbor, Jonathan M. and Jansen, John D. and Olsen, Lars and Caffee, Marc W. and Fink, David and Lundqvist, Jan and Rosqvist, Gunhild C. and {Strömberg}, Bo and Jansson, Krister N.},
	year = {2016},
	month = {09},
	date = {2016-09-01},
	journal = {Quaternary Science Reviews},
	pages = {91--121},
	volume = {147},
	doi = {10.1016/j.quascirev.2015.09.016},
	url = {https://www.sciencedirect.com/science/article/pii/S0277379115301141},
	langid = {en}
}

@article{hafsten1957,
	title = {{De senkvartære strandlinje-forskyvningene i Oslotrakten belyst ved pollenanalytiske undersøkelser}},
	author = {Hafsten, Ulf},
	year = {1957},
	month = {01},
	date = {1957-01-01},
	journal = {Norwegian Journal of Geography},
	pages = {74--99},
	volume = {16},
	number = {1-8},
	doi = {10.1080/00291955708622137},
	url = {https://doi.org/10.1080/00291955708622137},
	note = {Publisher: Routledge
{\_}eprint: https://doi.org/10.1080/00291955708622137}
}

@article{sørensen1979,
	title = {{Late Weichselian deglaciation in the Oslofjord area, south Norway}},
	author = {{Sørensen}, Rolf},
	year = {1979},
	date = {1979},
	journal = {Boreas},
	pages = {241--246},
	volume = {8},
	number = {2},
	doi = {https://doi.org/10.1111/j.1502-3885.1979.tb00806.x},
	url = {http://onlinelibrary.wiley.com/doi/abs/10.1111/j.1502-3885.1979.tb00806.x},
	note = {{\_}eprint: https://onlinelibrary.wiley.com/doi/pdf/10.1111/j.1502-3885.1979.tb00806.x},
	langid = {en}
}

@article{rosentau2013,
	title = {Stone Age settlement and Holocene shore displacement in the Narva-Luga Klint Bay area, eastern Gulf of Finland},
	author = {Rosentau, Alar and Muru, Merle and Kriiska, Aivar and Subetto, Dmitry A. and  Vassiljev, Jüri and Hang, Tiit and Gerasimov, Dmitry and Nordqvist, Kerkko and Ludikova, Anna and Lõugas, Lembi and Raig, Hanna and Kihno, Kersti and Aunap, Raivo and Letyka, Nikolay},
	year = {2013},
	date = {2013},
	journal = {Boreas},
	pages = {912--931},
	volume = {42},
	number = {4},
	doi = {10.1111/bor.12004},
	url = {http://onlinelibrary.wiley.com/doi/abs/10.1111/bor.12004},
	langid = {en}
}

@article{hafsten1983,
	title = {{Shore-level changes in South Norway during the last 13,000 years, traced by biostratigraphical methods and radiometric datings}},
	author = {Hafsten, Ulf},
	year = {1983},
	date = {1983},
	journal = {Norwegian Journal of Geography},
	pages = {63--79},
	volume = {37},
	number = {2},
	doi = {10.1080/00291958308552089},
	url = {http://www.tandfonline.com/doi/abs/10.1080/00291958308552089},
	langid = {en}
}

@techreport{reitan2009,
	title = {{Lundevågenprosjektet, delrapport 1.  Sammenfattende rapport. Lunde, 6/1, 6/35 og Skjolnes 7/23, 7/27, Farsund kommune, Vest-Agder}},
	author = {Reitan, Gaute and Berg-Hansen, Inger Marie},
	year = {2009},
	date = {2009},
	address = {Oslo}
}

@book{reitan2014l,
	title = {{Vestfoldbaneprosjektet. Arkeologiske undersøkelser i forbindelse med ny jernbane mellom Larvik og Porsgrunn. Bind 2. Seinmesolittiske, neolittiske og yngre lokaliteter i Vestfold og Telemark}},
	editor = {{Reitan}, {Gaute} and {Persson}, {Per}},
	year = {2014},
  publisher = {Portal forlag},
	address = {Kristiansand}
}

@book{reitan2018c,
	title = {{The Stone Age Coastal Settlement in Aust-Agder, Southeast Norway}},
	editor = {{Reitan}, {Gaute} and {Sundström}, {Lars}},
	year = {2018},
  publisher = {Cappelen Damm Akademisk},
	address = {Oslo}
}

@book{solheim2017b,
	title = {{E18 Rugtvedt-Dørdal. Arkeologiske undersøkelser av lokaliteter fra steinalder og jernalder i Bamble kommune, Telemark fylke}},
	editor = {{Solheim}, {Steinar}},
	year = {2017},
  publisher = {Portal forlag},
	address = {Kristiansand}
}

@book{melvold2014b,
	title = {{Vestfoldbaneprosjektet. Arkeologiske undersøkelser i forbindelse med ny jernbane mellom Larvik og Porsgrunn. Bind 1. Tidlig- Og mellommesolittiske lokaliteter i Vestfold og Telemark}},
	editor = {{Melvold}, {Stine} and {Persson}, {Per}},
	year = {2014},
  publisher = {Portal forlag},
	address = {Kristiansand}
}

@incollection{sørensen1999,
	title = {{En $^{14}$C datert og dendrokronologisk kalibrert strandforksyvningskurve for søndre Østfold. Sørøst-Norge}},
	author = {{Sørensen}, Rolf},
	editor = {Selsing, Lotte and Lillehammer, Grete},
	booktitle = {{Museumslandskap. Artikkelsamling til Kerstin Griffin på 60-årsdagen. Bind A}},
	year = {1999},
	date = {1999},
	publisher = {Museum of Archaeology},
	pages = {227--242},
	series = {AmS-Rapport 12A},
	address = {Stavanger}
}

@article{kjemperud1986,
	title = {{Late Weichselian and Holocene shoreline displacement in the Trondheimsfjord area, central Norway}},
	author = {Kjemperud, Alfred},
	year = {1986},
	date = {1986},
	journal = {Boreas},
	pages = {61--82},
	volume = {15},
	number = {1},
	doi = {10.1111/j.1502-3885.1986.tb00744.x},
	url = {https://onlinelibrary.wiley.com/doi/abs/10.1111/j.1502-3885.1986.tb00744.x},
	langid = {en}
}

@article{romundset2010,
	title = {{The first Holocene relative sea-level curve from the middle part of Hardangerfjorden, western Norway}},
	author = {Romundset, Anders and Lohne, {ÃYstein S.} and Mangerud, Jan and Svendsen, John Inge},
	year = {2010},
	date = {2010},
	journal = {Boreas},
	pages = {87--104},
	volume = {39},
	number = {1},
	doi = {10.1111/j.1502-3885.2009.00108.x},
	url = {http://doi.wiley.com/10.1111/j.1502-3885.2009.00108.x},
	langid = {en}
}

@incollection{gjerpe2008b,
	title = {{Nordby 1 – Toskipede hus fra neolitikum-bronsealder og boplasspor fra jernalder}},
	author = {{Gjerpe}, {Lars Erik} and {Bukkemoen}, {Grethe Bjørkan}},
	editor = {{Gjerpe}, {Lars Erik}},
	booktitle = {{E18-prosjektet Vestfold. Bind 3. Hus, boplass- og dyrkningsspor}},
	year = {2008},
	date = {2008},
	publisher = {University of Oslo, Museum of Cultural History},
	pages = {7--38},
	address = {Oslo}
}

@incollection{stokke2018b,
	title = {Kvastad A2. Lokalitet med funn fra tidlig- og mellommesolitikum og dyrkningsspor fra mellom- og senneolitikum},
	author = {Stokke, Jo-Simon Frøshaug and Reitan, Gaute},
	editor = {Reitan, Gaute and Sundström, Lars},
	booktitle = {{The Stone Age Coastal Settlement in Aust-Agder, Southeast Norway}},
	year = {2018},
	date = {2018},
	publisher = {Cappelen Damm Akademisk},
	pages = {375--407},
	address = {Oslo}
}

@techreport{wenn2012,
	title = {{Bosetningsspor, produksjonsområde og dyrkningsspor fra Neolitikum til Folkevandringstid. Bratsberg, 63/69, 244. Skien kommune, Telemark}},
	author = {Wenn, Camilla Cecilie},
	year = {2012},
	date = {2012},
	url = {http://urn.nb.no/URN:NBN:no-56988},
	publisher = {University of Oslo, Museum of Cultural History},
	address = {Oslo}
}

@techreport{roberg2012,
	title = {{Bosetnings- og aktivitetsspor. Larønningen, 221/2138. Skien, Telemark}},
	author = {Røberg, Frank Halvar N.},
	year = {2012},
	date = {2012},
	url = {http://urn.nb.no/URN:NBN:no-58582},
	publisher = {University of Oslo, Museum of Cultural History},
	address = {Oslo}
}

@incollection{sørensen2014,
	title = {{Holocene landhevningsstudier i søndre Vestfold og sørøstre Telemark -- Revidert kurve}},
	author = {Sørensen, Rolf and Henningsmoen, Kari E. and Høeg, Helge I. and Gälman, Veronika},
	booktitle = {{Vestfoldbaneprosjektet. Arkeologiske undersøkelser i forbindelse med ny jernbane mellom Larvik og Porsgrunn. Bind 1}},
	editor = {Melvold, Stine and Persson, Per},
	year = {2014},
	date = {2014},
	publisher = {Portal},
	pages = {36--47},
	address = {Kristiansand}
}

@incollection{sørensen2014b,
	title = {{Utviklingen av det senglasiale og tidlig preboreale landskapet og vegetasjonen omkring steinalderboplassene ved Pauler}},
	author = {{Sørensen}, {Rolf} and {Høeg}, {Helge I.} and {Henningsmoen}, {Kari E.} and {Skog}, {Göran} and {Labowsky}, {Solveig F.} and {Stabell}, {Bjørg}},
	editor = {{Jaksland}, {Lasse} and {Persson}, {Per}},
	booktitle = {{E18 Brunlanesprosjektet. Bind I. Forutsetninger og kulturhistorisk sammenstilling}},
	year = {2014},
	date = {2014},
	publisher = {University of Oslo, Museum of Cultural History},
	pages = {171--213},
	address = {Oslo}
}

@incollection{sorenseninpress,
	title = {{Holocen vegetasjonshistorie og landhevning i søndre Vestfold og sørøstre Telemark}},
	author = {{Sørensen}, Rolf and {Henningsmoen}, Kari E and {Høeg}, Helge I and {Gälman}, Veronika},
	booktitle = {{The Stone Age in Telemark. Archaeological results and scientific analysis from Vestfoldbaneprosjektet and E18 Rugtvedt-Dørdal}},
	editor = {Persson, Per and Solheim, Steinar},
	year = {in prep},
	date = {in prep}
}

@incollection{crema2015,
	title = {{Time and Probabilistic Reasoning in Settlement Analysis}},
	author = {{Crema}, {Enrico R.}},
	editor = {{Barcelo}, {Juan A.} and {Bogdanovic}, {Igor}},
	booktitle = {{Mathematics and Archaeology}},
	year = {2015},
	date = {2015},
	publisher = {CRC Press},
	pages = {314--334},
	address = {Boca Raton}
}

@incollection{bronkramsey2015,
	title = {{Bayesian Approaches to the Building of Archaeological Chronologies}},
	author = {{Bronk Ramsey}, {Christopher}},
	editor = {{Barcelo}, {Juan A.} and {Bogdanovic}, {Igor}},
	booktitle = {{Mathematics and Archaeology}},
	year = {2015},
	date = {2015},
	publisher = {CRC Press},
	pages = {272--292},
	address = {Boca Raton}
}

@incollection{herzog2013,
	title = {{The Potential and Limits of Optimal Path Analysis}},
	author = {{Herzog}, {Irmela}},
	editor = {{Bevan}, {Andrew} and {Lake}, {Mark}},
	booktitle = {{Computational Approaches to Archaeological Spaces}},
	year = {2013},
	date = {2013},
	publisher = {Left Coast Press},
	pages = {179--211},
	address = {Walnut Creek}
}

@incollection{bevan2013a,
	title = {{Intensities, Interactions, and Uncertainties: Some New Approaches to Archaeological Distributions}},
	author = {Bevan, Andrew and Crema, Enrico R. and Li, Xiuzhen and Palmisano, Alessio},
	editor = {{Bevan}, {Andrew} and {Lake}, {Mark}},
	booktitle = {{Computational Approaches to Archaeological Spaces}},
	year = {2013},
	date = {2013},
	publisher = {Left Coast Press},
	pages = {27--52},
	address = {Walnut Creek}
}

@article{bevan2021,
	title = {Modifiable reporting unit problems and time series of long-term human activity},
	author = {{Bevan}, {Andrew} and {Crema}, {Enrico R.}},
	year = {2021},
	journal = {Philosophical Transactions of the Royal Society B},
	pages = {20190726},
	volume = {376},
	doi = {10.1098/rstb.2019.0726},
	url = {http://dx.doi.org/10.1098/rstb.2019.0726},
	langid = {en}
}

@incollection{persson2008,
	title = {{Nauen 5.2 – Stenåldersboplatser och fossil åkermark}},
	author = {{Persson}, {Per}},
	editor = {{Gjerpe}, {Lars Erik}},
	booktitle = {{E18-prosjektet Vestfold. Bind 2. Steinalderboplasser, boplasspor, graver og dyrkningsspor}},
	year = {2008},
	date = {2008},
	publisher = {University of Oslo, Museum of Cultural History},
	pages = {163--198},
	address = {Oslo}
}

@article{yubero-gomez2016,
	title = {{The study of spatiotemporal patterns integrating temporal uncertainty in late prehistoric settlements in northeastern Spain}},
	author = {Yubero-Gómez, Maria and Rubio-Campillo, Xavier and López-Cachero, Javier},
	year = {2016},
	date = {2016},
	journal = {Archaeological and Anthropological Sciences},
	pages = {477--490},
	volume = {8},
	number = {3},
	doi = {10.1007/s12520-015-0231-x},
	url = {https://doi.org/10.1007/s12520-015-0231-x}
}

@article{romundset2019,
	title = {Coastal lake records add constraints to the age and magnitude of the Younger Dryas ice-front oscillation along the Skagerrak coastline in southern Norway},
	author = {Romundset, Anders and Lakeman, Thomas R. and {Høgaas}, Fredrik},
	year = {2019},
	date = {2019},
	journal = {Journal of Quaternary Science},
	pages = {112--124},
	volume = {34},
	number = {2},
	doi = {https://doi.org/10.1002/jqs.3085},
	url = {https://onlinelibrary.wiley.com/doi/abs/10.1002/jqs.3085},
	note = {{\_}eprint: https://onlinelibrary.wiley.com/doi/pdf/10.1002/jqs.3085},
	langid = {en}
}

@article{romundset2018,
	title = {Quantifying variable rates of postglacial relative sea level fall from a cluster of 24 isolation basins in southern Norway},
	author = {Romundset, Anders and Lakeman, Thomas R. and {Høgaas}, Fredrik},
	year = {2018},
	month = {10},
	date = {2018-10-01},
	journal = {Quaternary Science Reviews},
	pages = {175--192},
	volume = {197},
	doi = {10.1016/j.quascirev.2018.07.041},
	url = {http://www.sciencedirect.com/science/article/pii/S0277379118302890},
	langid = {en}
}

@incollection{romundset2018b,
	title = {{Postglacial shoreline displacement in the Tvedestrand-Arendal area}},
	author = {Romundset, Anders},
	editor = {{Reitan}, {Gaute} and {Sundström}, {Lars}},
	booktitle = {{The Stone Age Coastal Settlement in Aust-Agder, Southeast Norway}},
	year = {2018},
	date = {2018},
	publisher = {Cappelen Damm Akademisk},
	pages = {463--478},
	address = {Oslo}
}

@article{solheim2021,
	title = {Timing the Emergence and Development of Arable Farming in Southeastern Norway by Using Summed Probability Distribution of Radiocarbon Dates and a Bayesian Age Model},
	author = {Solheim, Steinar},
	year = {2021},
	date = {2021},
	journal = {Radiocarbon},
	volume ={63},
	number = {5},
	pages = {1--22},
	doi = {10.1017/RDC.2021.80},
	url = {http://www.cambridge.org/core/journals/radiocarbon/article/timing-the-emergence-and-development-of-arable-farming-in-southeastern-norway-by-using-summed-probability-distribution-of-radiocarbon-dates-and-a-bayesian-age-model/29AA6FFBAB9DE5A500C3B5F609183B8E?fbclid=IwAR1D__t5zuGNo5Clo1GjXxs4N48JhMt14Oyc--sgmwpvOVYUjMF7lVOPEeg},
	note = {Publisher: Cambridge University Press},
	langid = {en}
}

@article{solheim2018,
	title = {Early and mid-Holocene coastal settlement and demography in southeastern Norway: Comparing distribution of radiocarbon dates and shoreline-dated sites, 8500--2000 cal. BCE},
	author = {{Solheim}, {Steinar} and {Persson}, {Per}},
	year = {2018},
	date = {2018},
	journal = {Journal of Archaeological Science: Reports},
	volume = {19},
	pages = {334--343},
	doi = {10.1016/j.jasrep.2018.03.007},
	url = {https://www.sciencedirect.com/science/article/pii/S2352409X17306260},
	langid = {en}
}

@incollection{skar2022,
	title = {{Mobility and material culture in the Middle Mesolithic of Fennoscandia -- validating the input from biomolecular studies}},
	author = {Glørstad, Håkon and Gundersen, Jostein and {Kvalø}, Frode and Nymoen, Pål and Simpson, David and Skar, Birgitte},
	editor = {Bailey, Geoff and Galanidou, Nena and Peeters, Hans and Jöns, Hauke and Mennenga, Moritz},
	booktitle = {{The Archaeology of Europe’s Drowned Landscapes}},
	year = {2022},
	date = {2022},
	publisher = {Springer},
	pages = {105–-121},
	address = {Bergen}
}

@incollection{prescott2020,
	title = {{Interpreting Complex Diachronic {"}Neolithic{"}-Period Data in Norway}},
	author = {Prescott, Christopher},
	booktitle = {{Farmers at the Frontier -- A Pan European Perspective on Neolithisation}},
	editor = {Gron, Kurt J. and {Sørensen}, Lasse and Rowley-Conwy, Peter},
	year = {2020},
	date = {2020},
	publisher = {Oxbow Books},
	pages = {381--400},
	address = {Oxford}
}

@incollection{prøsch-danielsen1995,
	title = {{A coastal Ahrensburgian site found at Galta, Rennesøy, southwest Norway}},
	author = {Prøsch-Danielsen, Lisbeth and Høgestøl, Mari},
	booktitle = {{Man and Sea in the Mesolithic}},
	editor = {Fischer, Anders},
	year = {1995},
	publisher = {Oxbow Books},
	pages = {123--130},
	address = {Oxford}
}

@book{brogger1905,
	title = {{Strandliniens Beliggenhed under Stenalderen i Det Sydøstlige Norge}},
	author = {{Brøgger}, {Waldemar Christofer}},
	year = {1905},
  publisher = {Norges geologiske undersøkelse},
	address = {Kristiania}
}

@book{shetelig1922,
	title = {{Primitive Tider i Norge -- En oversigt over stenalderen}},
	author = {{Shetelig}, {Haakon}},
	year = {1922},
  publisher = {John Griegs Forlag},
	address = {Bergen}
}

@article{fuglestvedt2007,
	title = {{The Ahrensburgian Galta 3 site in SW Norway: Dating, technology and cultural affinity}},
	author = {{Fuglestvedt}, {Ingrid}},
	year = {2007},
	journal = {Acta Archaeologica},
	pages = {87--110},
	volume = {78},
	number = {2},
	doi = {10.1111/j.1600-0390.2007.00101.x},
	url = {https://doi.org/10.1111/j.1600-0390.2007.00101.x},
	langid = {en}
}

@book{fuglestvedt2009,
	title = {{Phenomenology and the Pioneer Settlement on the Western Scandinavian Peninsula}},
	author = {{Fuglestvedt}, {Ingrid}},
	year = {2009},
	publisher = {Bricoleur Press},
	address = {Lindome}
}

@article{fuglestvedt2012,
	title = {{The Pioneer Condition on the Scandinavian Peninsula: the Last Frontier of a {\textquoteleft}Palaeolithic Way{\textquoteright} in Europe}},
	author = {{Fuglestvedt}, {Ingrid}},
	year = {2012},
	date = {2012},
	journal = {Norwegian Archaeological Review},
	pages = {1--29},
	volume = {45},
	number = {1},
	doi = {10.1080/00293652.2012.669998},
	url = {http://www.tandfonline.com/doi/abs/10.1080/00293652.2012.669998},
	langid = {en}
}

@article{fuglestvedt2014,
	title = {{Kommentar til Leif Inge Åstveit: «Noen synspunkt på den tidlig-mesolittiske bosetningen i Sør-Norge»}},
	author = {{Fuglestvedt}, {Ingrid}},
	year = {2014},
	date = {2014},
	journal = {Primitive tider},
	pages = {115--119},
	volume = {16},
	doi = {10.5617/pt.7233},
	url = {https://doi.org/10.5617/pt.7233},
}

@incollection{bergsvik2009,
	title = {{Caught in the middle: functional and ideological aspects of Mesolithic shores in Norway}},
	author={Bergsvik, Knut Andreas},
	booktitle = {{Mesolithic Horizons: Papers presented at the Seventh International Conference on the Mesolithic in Europe, Belfast 2005}},
	editor = {{McCartan}, {Sinéad B.} and {Schulting}, {Rick} and {Warren}, {Graeme} and {Woodman}, {Peter}},
	year = {2009},
	pages={602--609},
  publisher = {Oxbow Books},
	address = {Oxford}
}

@book{bergsvik2020,
	title = {{Faglig program i arkeologi for Universitetsmuseet i Bergen 2020-2025. Steinalder til og med mellomneolittisk tid (9500-2350 f.Kr)}},
	editor = {{Bergsvik}, {Knut Andreas} and {Åstveit}, {Leif Inge} and {Zinsli}, {Camilla} and {Olsen}, {Thomas Bruen}},
	series={UBAS - Universitetet i Bergen Arkeologiske Sktifter 11},
	year = {2020},
  publisher = {University of Bergen},
	address = {Bergen}
}

@inbook{ramstad2009,
	title = {{Eldre steinalder på Melkøya, representativitet, strandlinjer og transgresjon}},
	author = {{Ramstad}, {Morten}},
	booktitle = {{Undersøkelsene på Melkøya. Melkøyaprosjektet -- Kulturhistoriske registreringer og utgravninger 2001 og 2002}},
	editor = {{Hesjedal}, {Anders} and {Ramstad}, {Morten} and {Niemi}, {Anja R.}},
	year = {2009},
	date = {2009},
	publisher = {Tromsø museum, Universitetesmuseet},
	pages = {491--495},
	address = {Tromsø}
}

@inbook{damlien2018b,
	title = {{The Pioneer Settlement of Eastern Norway}},
	author = {{Damlien}, {Hege} and {Solheim}, {Steinar}},
	booktitle = {{Early Economy and Settlement in Northern Europe. Pioneering, Resource Use, Coping with Change}},
	editor = {{Blankholm}, {Hans Peter}},
	year = {2018},
	date = {2018},
	publisher = {Equinox},
	pages = {335--367},
	address = {Sheffield}
}

@book{damlien2021,
	title = {{Steinalderen i Sørøst-Norge: Faglig program for steinalderundersøkelser ved Kulturhistorisk museum}},
	author = {{Damlien}, {Hege} and {Berg-Hansen}, {Inger Marie} and {Melheim}, {Lene} and {Mjærum}, {Axel}, and {Persson}, {Per} and {Schülke}, {Almut} and {Solheim}, {Steinar}},
	year = {2021},
  publisher = {Cappelen Damm Akademisk},
	address = {Oslo}
}

@book{jaksland2014a,
	title = {{E18 Brunlanesprosjektet. Bind I. Forutsetninger og kulturhistorisk sammenstilling}},
	editor = {{Jaksland}, {Lasse} and {Persson}, {Per}},
	year = {2014},
  publisher = {University of Oslo, Museum of Cultural History},
	address = {Oslo}
}

@book{jaksland2012,
	title = {{E18 Brunlanesprosjektet. Bind II. Undersøkte lokaliteter fra tidligmesolitikum}},
	editor = {{Jaksland}, {Lasse}},
	year = {2012},
  publisher = {University of Oslo, Museum of Cultural History},
	address = {Oslo}
}

@book{jaksland2012a,
	title = {{E18 Brunlanesprosjektet. Bind III. Undersøkte lokaliteter fra tidligmesolitikum og senere}},
	editor = {{Jaksland}, {Lasse}},
	year = {2012},
  publisher = {University of Oslo, Museum of Cultural History},
	address = {Oslo}
}

@incollection{morgan1999,
	title = {Models as mediating instruments},
	author = {Morgan, Mary S and Morrison, Margaret},
	editor = {Morgan, Mary S and Morrison, Margaret},
	booktitle = {Models as Mediators. Perspectives on Natural and Social Science},
	year = {1999},
	date = {1999},
	publisher = {Cambridge University Press},
	pages = {10--37},
	address = {Cambridge}
}

@incollection{jaksland2014,
	title = {Kulturhistorisk sammenstilling},
	author = {Jaksland, Lasse},
	editor = {Jaksland, Lasse and Persson, Per},
	booktitle = {E18 Brunlanesprosjektet. Bind I. Forutsetninger og kulturhistorisk sammenstilling},
	year = {2014},
	date = {2014},
	publisher = {University of Oslo, Museum of Cultural History},
	pages = {11--46},
	address = {Oslo}
}

@article{gundersen2013,
	title = {{Verken fjord eller fjell – steinalderen i det kystnære innlandet. Gamle og nye funn fra Notodden i Telemark}},
	author = {{Gundersen}, Jostein},
	year = {2013},
	journal = {Viking},
	pages = {35--62},
	volume = {76}
}

@article{hinsch1955,
	title = {{Traktbegerkultur -- Megalitkultur. En studie av Øst-Norges eldste neolitiske gruppe}},
	author = {Hinsch, Erik},
	year = {1955},
	journal = {Universitetets Oldsaksamling Årbok},
	pages = {10--177},
	volume = {1951--1953}
}

@article{mjærum2018,
	title = {Hinterland discoveries: Middle Mesolithic woodland utilization and the case of the site Eidsberg, eastern Norway},
	author = {{Mjærum}, Axel},
	year = {2018},
	month = {12},
	date = {2018-12-28},
	journal = {Current Swedish Archaeology},
	pages = {159--188},
	volume = {26},
	number = {1},
	doi = {10.37718/CSA.2018.11},
	url = {https://publicera.kb.se/csa/article/view/151},
	note = {Number: 1},
	langid = {en}
}

@article{mjærum2022,
	title = {{A Matter of Scale: Responses to Landscape Changes in the Oslo Fjord, Norway, in the Mesolithic}},
	author = {{Mjærum}, Axel},
	year = {2022},
	journal = {Open Archaeology},
	pages = {62--84},
	volume = {8},
	number = {1},
	doi = {10.1515/opar-2022-0225},
	url = {http://www.degruyter.com/document/doi/10.1515/opar-2022-0225/html},
	note = {Number: 1},
	langid = {en}
}



@article{romundset2011,
	title = {Postglacial uplift and relative sea level changes in Finnmark, northern Norway},
	author = {Romundset, Anders and Bondevik, Stein and Bennike, Ole},
	year = {2011},
	date = {2011},
	journal = {Quaternary Science Reviews},
	pages = {2398--2421},
	volume = {30},
	number = {19-20},
	doi = {10.1016/j.quascirev.2011.06.007},
	url = {https://linkinghub.elsevier.com/retrieve/pii/S027737911100179X},
	langid = {en}
}

@article{creel2022,
	title = {Postglacial relative sea level change in Norway},
	author = {Creel, Roger C. and Austermann, Jacqueline and Khan, Nicole S. and D'Andrea, William J. and Balascio, Nicholas and Dyer, Blake and Ashe, Erica and Menke, William},
	year = {2022},
	date = {2022},
	journal = {Quaternary Science Reviews},
	pages = {107422},
	volume = {282},
	doi = {10.1016/j.quascirev.2022.107422},
	url = {https://doi.org/10.1016/j.quascirev.2022.107422},
	langid = {en}
}

@book{hinz2021,
	title = {oxcAAR: Interface to 'OxCal' Radiocarbon Calibration. R package version 1.1.0.},
	author = {Hinz, Martin and Schmid, Clemens and Knitter, Daniel and Tietze, Carolin},
	year = {2021},
	date = {2021},
	url = {https://CRAN.R-project.org/package=oxcAAR}
}

@book{conolly2006,
	title = {{Geographical Information Systems in Archaeology}},
	author = {Conolly, James and Lake, Mark},
	year = {2006},
	date = {2006},
	publisher = {Cambridge University Press},
	url = {https://doi.org/10.1017/CBO9780511807459},
	address = {Cambridge}
}

@book{wang2019,
	title = {topoDistance: Calculating Topographic Paths and Distances. R package version 1.0.1. https://CRAN.R-project.org/package=topoDistance},
	author = {Wang, Ian},
	year = {2019},
	date = {2019},
	url = {https://CRAN.R-project.org/package=topoDistance}
}

@incollection{harris2006,
	title = {Scale as Artifact: GIS, Ecological Fallacy, and Archaeological Analysis},
	author = {Harris, Trevor M.},
	editor = {Lock, Gary and Molyneaux, Brian Leigh},
	booktitle = {{Confronting Scale in Archaeology: Issues of Theory and Practice}},
	year = {2006},
	date = {2006},
	publisher = {Springer},
	pages = {39--53},
	address = {New York}
}

@incollection{conolly2020,
	title = {Spatial Interpolation},
	author = {Conolly, James},
	editor = {Gillings, Mark and {Hac{\i}güzeller}, Piraye and Lock, Gary},
	booktitle = {{Archaeological Spatial Analysis: A Methodological Guide}},
	year = {2020},
	date = {2020},
	publisher = {Routledge},
	pages = {118--134},
	address = {London & New York}
}

@incollection{fusco2020,
	title = {Spatial Fuzzy Sets},
	author = {Fusco, Johanna and de Runz, Cyril},
	editor = {Gillings, Mark and {Hac{\i}güzeller}, Piraye and Lock, Gary},
	booktitle = {{Archaeological Spatial Analysis: A Methodological Guide}},
	year = {2020},
	date = {2020},
	publisher = {Routledge},
	pages = {169--191},
	address = {London & New York}
}

@article{hughes2016,
	title = {The last Eurasian ice sheets {\textendash} a chronological database and time-slice reconstruction, DATED-1},
	author = {Hughes, Anna L. C. and Gyllencreutz, Richard and Lohne, {Øystein S.} and Mangerud, Jan and Svendsen, John Inge},
	year = {2016},
	date = {2016},
	journal = {Boreas},
	pages = {1--45},
	volume = {45},
	number = {1},
	doi = {https://doi.org/10.1111/bor.12142},
	url = {https://onlinelibrary.wiley.com/doi/abs/10.1111/bor.12142},
	note = {{\_}eprint: https://onlinelibrary.wiley.com/doi/pdf/10.1111/bor.12142},
	langid = {en}
}

@article{blankholm2020,
	title = {{In the wake of the wake. An investigation of the impact of the Storegga tsunami on the human settlement of inner Varangerfjord, northern Norway}},
	author = {Blankholm, Hans Peter},
	year = {2020},
	date = {2020},
	journal = {Quaternary International},
	pages = {65--73},
	volume = {549},
	doi = {https://doi.org/10.1016/j.quaint.2018.05.050},
	url = {http://www.sciencedirect.com/science/article/pii/S1040618217315136}
}

@article{roalkvam2020,
	title = {{Algorithmic classification and statistical modelling of coastal settlement patterns in Mesolithic south-eastern Norway}},
	author = {Roalkvam, Isak},
	year = {2020},
	date = {2020},
	journal = {Journal of Computer Applications in Archaeology},
	pages = {288--307},
	volume = {3},
	number={1},
	doi = {https://doi.org/10.5334/jcaa.60},
	url = {http://journal.caa-international.org/articles/10.5334/jcaa.60/}
}

@article{roalkvam2022,
	title = {{Exploring the composition of lithic assemblages in Mesolithic south-eastern Norway}},
	author = {Roalkvam, Isak},
	year = {2022},
	date = {2022},
	journal = {Journal of Archaeological Science: Reports},
	pages = {103371},
	volume = {42},
	doi = {10.1016/j.jasrep.2022.103371},
	url = {https://www.sciencedirect.com/science/article/pii/S2352409X22000347}
}

@article{amundsen2006,
	title = {{Nøkleby i Ski – en tidligneolittisk jordbruksboplass?}},
	author = {Amundsen, Øystein and Knutsen, Stig and Mjærum, Axel and Reitan, Gaute},
	year = {2006},
	date = {2006},
	journal = {Primitive tider},
	pages = {85--96},
	volume = {9}
}

@article{yesner1980,
	title = {{Maritime Hunter-Gatherers: Ecology and Prehistory [and Comments and Reply]}},
	author = {Yesner, David R. and William S. Ayres and David L. Carlson and Richard S. Davis and Robert Dewar and Fekri A. Hassan and Brian Hayden and Joseph J. Lischka and Payson D. Sheets and Alan Osborn and David L. Pokotylo and Tom Rogers and Ehud Spanier and B. L. Turner and Ernst E. Wreschner},
	year = {1980},
	journal = {Current Anthropology},
	pages = {727--750},
	volume = {21},
	issue = {6},
	doi = {10.1086/202568},
	url = {http://www.journals.uchicago.edu/doi/abs/10.1086/202568},
	langid = {en}
}
